@misc{cida,
	title = "Center for Integrated Data Analytics",
	url = "http://cida.usgs.gov"
}
@misc{dockerintro,
	title = "Docker Introduction",
	author = "Docker, Inc.",
	url = "http://www.docker.com/whatisdocker/"
}
@misc{cfengine,
	title = "CFEngine",
	author = "CFEngine AS",
	url = "http://cfengine.com/"
}
@misc{ansible,
	title = "Simple IT Automation",
	author = "Ansible, Inc.",
	url = "http://www.ansible.com/home"
}
@misc{chef,
	title = "IT automation for speed and awesomeness",
	author = "Chef Software, Inc",
	url = "https://www.chef.io/chef/"
}
@misc{lxc,
	title = "Linux Containers",
	url = "https://linuxcontainers.org/"
}
@misc{virtualenv,
	title = "Virtualenv",
	url = "https://virtualenv.pypa.io/en/latest/"
}
@misc{packrat,
	title = "packrat",
	url = "https://github.com/rstudio/packrat"
}
@misc{dockerbestpractices,
	title = "Dockerfile Best Practices",
	author = "Docker, Inc.",
	url = "https://docs.docker.com/articles/dockerfile_best-practices/"
}
